%YAML 1.1
%TAG !u! tag:unity3d.com,2011:
--- !u!1 &9015405335621146752
GameObject:
  m_ObjectHideFlags: 0
  m_CorrespondingSourceObject: {fileID: 0}
  m_PrefabInstance: {fileID: 0}
  m_PrefabAsset: {fileID: 0}
  serializedVersion: 6
  m_Component:
  - component: {fileID: 9015405335621146753}
  - component: {fileID: 9015405335621146756}
  - component: {fileID: 9015405335621146759}
  - component: {fileID: 9015405335621146758}
  m_Layer: 0
  m_Name: cm
  m_TagString: Untagged
  m_Icon: {fileID: 0}
  m_NavMeshLayer: 0
  m_StaticEditorFlags: 0
  m_IsActive: 1
--- !u!4 &9015405335621146753
Transform:
  m_ObjectHideFlags: 0
  m_CorrespondingSourceObject: {fileID: 0}
  m_PrefabInstance: {fileID: 0}
  m_PrefabAsset: {fileID: 0}
  m_GameObject: {fileID: 9015405335621146752}
  m_LocalRotation: {x: -0, y: -0, z: -0, w: 1}
  m_LocalPosition: {x: 0, y: 0, z: 0}
  m_LocalScale: {x: 1, y: 1, z: 1}
  m_Children: []
  m_Father: {fileID: 9015405337188965072}
  m_RootOrder: 0
  m_LocalEulerAnglesHint: {x: 0, y: 0, z: 0}
--- !u!114 &9015405335621146756
MonoBehaviour:
  m_ObjectHideFlags: 0
  m_CorrespondingSourceObject: {fileID: 0}
  m_PrefabInstance: {fileID: 0}
  m_PrefabAsset: {fileID: 0}
  m_GameObject: {fileID: 9015405335621146752}
  m_Enabled: 1
  m_EditorHideFlags: 0
  m_Script: {fileID: 11500000, guid: ac0b09e7857660247b1477e93731de29, type: 3}
  m_Name: 
  m_EditorClassIdentifier: 
--- !u!114 &9015405335621146759
MonoBehaviour:
  m_ObjectHideFlags: 0
  m_CorrespondingSourceObject: {fileID: 0}
  m_PrefabInstance: {fileID: 0}
  m_PrefabAsset: {fileID: 0}
  m_GameObject: {fileID: 9015405335621146752}
  m_Enabled: 1
  m_EditorHideFlags: 0
  m_Script: {fileID: 11500000, guid: 9384ab8608cdc3d479fe89cd51eed48f, type: 3}
  m_Name: 
  m_EditorClassIdentifier: 
  m_BindingMode: 4
  m_FollowOffset: {x: 0, y: 2.5, z: -3}
  m_XDamping: 1
  m_YDamping: 1
  m_ZDamping: 1
  m_AngularDampingMode: 0
  m_PitchDamping: 0
  m_YawDamping: 0
  m_RollDamping: 0
  m_AngularDamping: 0
  m_Heading:
    m_Definition: 2
    m_VelocityFilterStrength: 4
    m_Bias: 0
  m_RecenterToTargetHeading:
    m_enabled: 0
    m_WaitTime: 1
    m_RecenteringTime: 2
    m_LegacyHeadingDefinition: -1
    m_LegacyVelocityFilterStrength: -1
  m_XAxis:
    Value: 0
    m_MaxSpeed: 300
    m_AccelTime: 0.1
    m_DecelTime: 0.1
    m_InputAxisName: Mouse X
    m_InputAxisValue: 0
    m_InvertInput: 1
    m_MinValue: -180
    m_MaxValue: 180
    m_Wrap: 1
    m_Recentering:
      m_enabled: 0
      m_WaitTime: 1
      m_RecenteringTime: 2
      m_LegacyHeadingDefinition: -1
      m_LegacyVelocityFilterStrength: -1
  m_LegacyRadius: 3.4028235e+38
  m_LegacyHeightOffset: 3.4028235e+38
  m_LegacyHeadingBias: 3.4028235e+38
  m_HeadingIsSlave: 1
--- !u!114 &9015405335621146758
MonoBehaviour:
  m_ObjectHideFlags: 0
  m_CorrespondingSourceObject: {fileID: 0}
  m_PrefabInstance: {fileID: 0}
  m_PrefabAsset: {fileID: 0}
  m_GameObject: {fileID: 9015405335621146752}
  m_Enabled: 1
  m_EditorHideFlags: 0
  m_Script: {fileID: 11500000, guid: f4044717213e31446939f7bd49c896ea, type: 3}
  m_Name: 
  m_EditorClassIdentifier: 
  m_TrackedObjectOffset: {x: 0, y: 0, z: 0}
  m_LookaheadTime: 0
  m_LookaheadSmoothing: 10
  m_LookaheadIgnoreY: 0
  m_HorizontalDamping: 0
  m_VerticalDamping: 0
  m_ScreenX: 0.25
  m_ScreenY: 0.6
  m_DeadZoneWidth: 1
  m_DeadZoneHeight: 0
  m_SoftZoneWidth: 1
  m_SoftZoneHeight: 0.8
  m_BiasX: 0
  m_BiasY: 0
  m_CenterOnActivate: 1
--- !u!1 &9015405335621164619
GameObject:
  m_ObjectHideFlags: 0
  m_CorrespondingSourceObject: {fileID: 0}
  m_PrefabInstance: {fileID: 0}
  m_PrefabAsset: {fileID: 0}
  serializedVersion: 6
  m_Component:
  - component: {fileID: 9015405335621164617}
  - component: {fileID: 9015405335621164616}
  m_Layer: 0
  m_Name: MiddleRig
  m_TagString: Untagged
  m_Icon: {fileID: 0}
  m_NavMeshLayer: 0
  m_StaticEditorFlags: 0
  m_IsActive: 1
--- !u!4 &9015405335621164617
Transform:
  m_ObjectHideFlags: 0
  m_CorrespondingSourceObject: {fileID: 0}
  m_PrefabInstance: {fileID: 0}
  m_PrefabAsset: {fileID: 0}
  m_GameObject: {fileID: 9015405335621164619}
  m_LocalRotation: {x: 0.32082725, y: 0.1160165, z: -0.03963205, w: 0.9391696}
  m_LocalPosition: {x: 0, y: 0, z: 0}
  m_LocalScale: {x: 1, y: 1, z: 1}
  m_Children:
  - {fileID: 9015405336788034536}
  m_Father: {fileID: 9015405336939897637}
  m_RootOrder: 1
  m_LocalEulerAnglesHint: {x: 0, y: 0, z: 0}
--- !u!114 &9015405335621164616
MonoBehaviour:
  m_ObjectHideFlags: 0
  m_CorrespondingSourceObject: {fileID: 0}
  m_PrefabInstance: {fileID: 0}
  m_PrefabAsset: {fileID: 0}
  m_GameObject: {fileID: 9015405335621164619}
  m_Enabled: 1
  m_EditorHideFlags: 0
  m_Script: {fileID: 11500000, guid: 45e653bab7fb20e499bda25e1b646fea, type: 3}
  m_Name: 
  m_EditorClassIdentifier: 
  m_ExcludedPropertiesInInspector:
  - m_Script
  - Header
  - Extensions
  - m_Priority
  - m_Transitions
  - m_Follow
  - m_StandbyUpdate
  - m_Lens
  m_LockStageInInspector: 00000000
  m_StreamingVersion: 20170927
  m_Priority: 10
  m_StandbyUpdate: 2
  m_LookAt: {fileID: 0}
  m_Follow: {fileID: 0}
  m_Lens:
    FieldOfView: 40
    OrthographicSize: 10
    NearClipPlane: 0.1
    FarClipPlane: 5000
    Dutch: 0
    LensShift: {x: 0, y: 0}
  m_Transitions:
    m_BlendHint: 0
    m_InheritPosition: 0
    m_OnCameraLive:
      m_PersistentCalls:
        m_Calls: []
      m_TypeName: Cinemachine.CinemachineBrain+VcamActivatedEvent, Cinemachine, Version=0.0.0.0,
        Culture=neutral, PublicKeyToken=null
  m_LegacyBlendHint: 0
  m_ComponentOwner: {fileID: 9015405336788034536}
--- !u!1 &9015405336112881270
GameObject:
  m_ObjectHideFlags: 0
  m_CorrespondingSourceObject: {fileID: 0}
  m_PrefabInstance: {fileID: 0}
  m_PrefabAsset: {fileID: 0}
  serializedVersion: 6
  m_Component:
  - component: {fileID: 9015405336112881268}
  - component: {fileID: 9015405336112881271}
  m_Layer: 0
  m_Name: TopRig
  m_TagString: Untagged
  m_Icon: {fileID: 0}
  m_NavMeshLayer: 0
  m_StaticEditorFlags: 0
  m_IsActive: 1
--- !u!4 &9015405336112881268
Transform:
  m_ObjectHideFlags: 0
  m_CorrespondingSourceObject: {fileID: 0}
  m_PrefabInstance: {fileID: 0}
  m_PrefabAsset: {fileID: 0}
  m_GameObject: {fileID: 9015405336112881270}
  m_LocalRotation: {x: 0.3378572, y: 0.1152764, z: -0.04173573, w: 0.9331785}
  m_LocalPosition: {x: 0, y: 0, z: 0}
  m_LocalScale: {x: 1, y: 1, z: 1}
  m_Children:
  - {fileID: 9015405336943438947}
  m_Father: {fileID: 9015405336939897637}
  m_RootOrder: 0
  m_LocalEulerAnglesHint: {x: 0, y: 0, z: 0}
--- !u!114 &9015405336112881271
MonoBehaviour:
  m_ObjectHideFlags: 0
  m_CorrespondingSourceObject: {fileID: 0}
  m_PrefabInstance: {fileID: 0}
  m_PrefabAsset: {fileID: 0}
  m_GameObject: {fileID: 9015405336112881270}
  m_Enabled: 1
  m_EditorHideFlags: 0
  m_Script: {fileID: 11500000, guid: 45e653bab7fb20e499bda25e1b646fea, type: 3}
  m_Name: 
  m_EditorClassIdentifier: 
  m_ExcludedPropertiesInInspector:
  - m_Script
  - Header
  - Extensions
  - m_Priority
  - m_Transitions
  - m_Follow
  - m_StandbyUpdate
  - m_Lens
  m_LockStageInInspector: 00000000
  m_StreamingVersion: 20170927
  m_Priority: 10
  m_StandbyUpdate: 2
  m_LookAt: {fileID: 0}
  m_Follow: {fileID: 0}
  m_Lens:
    FieldOfView: 40
    OrthographicSize: 10
    NearClipPlane: 0.1
    FarClipPlane: 5000
    Dutch: 0
    LensShift: {x: 0, y: 0}
  m_Transitions:
    m_BlendHint: 0
    m_InheritPosition: 0
    m_OnCameraLive:
      m_PersistentCalls:
        m_Calls: []
      m_TypeName: Cinemachine.CinemachineBrain+VcamActivatedEvent, Cinemachine, Version=0.0.0.0,
        Culture=neutral, PublicKeyToken=null
  m_LegacyBlendHint: 0
  m_ComponentOwner: {fileID: 9015405336943438947}
--- !u!1 &9015405336788034539
GameObject:
  m_ObjectHideFlags: 0
  m_CorrespondingSourceObject: {fileID: 0}
  m_PrefabInstance: {fileID: 0}
  m_PrefabAsset: {fileID: 0}
  serializedVersion: 6
  m_Component:
  - component: {fileID: 9015405336788034536}
  - component: {fileID: 9015405336788034543}
  - component: {fileID: 9015405336788034542}
  - component: {fileID: 9015405336788034537}
  m_Layer: 0
  m_Name: cm
  m_TagString: Untagged
  m_Icon: {fileID: 0}
  m_NavMeshLayer: 0
  m_StaticEditorFlags: 0
  m_IsActive: 1
--- !u!4 &9015405336788034536
Transform:
  m_ObjectHideFlags: 0
  m_CorrespondingSourceObject: {fileID: 0}
  m_PrefabInstance: {fileID: 0}
  m_PrefabAsset: {fileID: 0}
  m_GameObject: {fileID: 9015405336788034539}
  m_LocalRotation: {x: -0, y: -0, z: -0, w: 1}
  m_LocalPosition: {x: 0, y: 0, z: 0}
  m_LocalScale: {x: 1, y: 1, z: 1}
  m_Children: []
  m_Father: {fileID: 9015405335621164617}
  m_RootOrder: 0
  m_LocalEulerAnglesHint: {x: 0, y: 0, z: 0}
--- !u!114 &9015405336788034543
MonoBehaviour:
  m_ObjectHideFlags: 0
  m_CorrespondingSourceObject: {fileID: 0}
  m_PrefabInstance: {fileID: 0}
  m_PrefabAsset: {fileID: 0}
  m_GameObject: {fileID: 9015405336788034539}
  m_Enabled: 1
  m_EditorHideFlags: 0
  m_Script: {fileID: 11500000, guid: ac0b09e7857660247b1477e93731de29, type: 3}
  m_Name: 
  m_EditorClassIdentifier: 
--- !u!114 &9015405336788034542
MonoBehaviour:
  m_ObjectHideFlags: 0
  m_CorrespondingSourceObject: {fileID: 0}
  m_PrefabInstance: {fileID: 0}
  m_PrefabAsset: {fileID: 0}
  m_GameObject: {fileID: 9015405336788034539}
  m_Enabled: 1
  m_EditorHideFlags: 0
  m_Script: {fileID: 11500000, guid: 9384ab8608cdc3d479fe89cd51eed48f, type: 3}
  m_Name: 
  m_EditorClassIdentifier: 
  m_BindingMode: 4
  m_FollowOffset: {x: 0, y: 2.5, z: -3}
  m_XDamping: 1
  m_YDamping: 1
  m_ZDamping: 1
  m_AngularDampingMode: 0
  m_PitchDamping: 0
  m_YawDamping: 0
  m_RollDamping: 0
  m_AngularDamping: 0
  m_Heading:
    m_Definition: 2
    m_VelocityFilterStrength: 4
    m_Bias: 0
  m_RecenterToTargetHeading:
    m_enabled: 0
    m_WaitTime: 1
    m_RecenteringTime: 2
    m_LegacyHeadingDefinition: -1
    m_LegacyVelocityFilterStrength: -1
  m_XAxis:
    Value: 0
    m_MaxSpeed: 300
    m_AccelTime: 0.1
    m_DecelTime: 0.1
    m_InputAxisName: Mouse X
    m_InputAxisValue: 0
    m_InvertInput: 1
    m_MinValue: -180
    m_MaxValue: 180
    m_Wrap: 1
    m_Recentering:
      m_enabled: 0
      m_WaitTime: 1
      m_RecenteringTime: 2
      m_LegacyHeadingDefinition: -1
      m_LegacyVelocityFilterStrength: -1
  m_LegacyRadius: 3.4028235e+38
  m_LegacyHeightOffset: 3.4028235e+38
  m_LegacyHeadingBias: 3.4028235e+38
  m_HeadingIsSlave: 1
--- !u!114 &9015405336788034537
MonoBehaviour:
  m_ObjectHideFlags: 0
  m_CorrespondingSourceObject: {fileID: 0}
  m_PrefabInstance: {fileID: 0}
  m_PrefabAsset: {fileID: 0}
  m_GameObject: {fileID: 9015405336788034539}
  m_Enabled: 1
  m_EditorHideFlags: 0
  m_Script: {fileID: 11500000, guid: f4044717213e31446939f7bd49c896ea, type: 3}
  m_Name: 
  m_EditorClassIdentifier: 
  m_TrackedObjectOffset: {x: 0, y: 0, z: 0}
  m_LookaheadTime: 0
  m_LookaheadSmoothing: 10
  m_LookaheadIgnoreY: 0
  m_HorizontalDamping: 0
  m_VerticalDamping: 0
  m_ScreenX: 0.25
  m_ScreenY: 0.55
  m_DeadZoneWidth: 1
  m_DeadZoneHeight: 0
  m_SoftZoneWidth: 1
  m_SoftZoneHeight: 0.8
  m_BiasX: 0
  m_BiasY: 0
  m_CenterOnActivate: 1
--- !u!1 &9015405336939897639
GameObject:
  m_ObjectHideFlags: 0
  m_CorrespondingSourceObject: {fileID: 0}
  m_PrefabInstance: {fileID: 0}
  m_PrefabAsset: {fileID: 0}
  serializedVersion: 6
  m_Component:
  - component: {fileID: 9015405336939897637}
  - component: {fileID: 9015405336939897636}
  - component: {fileID: 9015405336939897642}
  m_Layer: 0
  m_Name: TestCamera2
  m_TagString: Untagged
  m_Icon: {fileID: 0}
  m_NavMeshLayer: 0
  m_StaticEditorFlags: 0
  m_IsActive: 1
--- !u!4 &9015405336939897637
Transform:
  m_ObjectHideFlags: 0
  m_CorrespondingSourceObject: {fileID: 0}
  m_PrefabInstance: {fileID: 0}
  m_PrefabAsset: {fileID: 0}
  m_GameObject: {fileID: 9015405336939897639}
  m_LocalRotation: {x: 0, y: 0, z: 0, w: 1}
  m_LocalPosition: {x: 0, y: 2.5, z: -3}
  m_LocalScale: {x: 1, y: 1, z: 1}
  m_Children:
  - {fileID: 9015405336112881268}
  - {fileID: 9015405335621164617}
  - {fileID: 9015405337188965072}
  m_Father: {fileID: 0}
  m_RootOrder: 0
  m_LocalEulerAnglesHint: {x: 0, y: 0, z: 0}
--- !u!114 &9015405336939897636
MonoBehaviour:
  m_ObjectHideFlags: 0
  m_CorrespondingSourceObject: {fileID: 0}
  m_PrefabInstance: {fileID: 0}
  m_PrefabAsset: {fileID: 0}
  m_GameObject: {fileID: 9015405336939897639}
  m_Enabled: 1
  m_EditorHideFlags: 0
  m_Script: {fileID: 11500000, guid: 319d2fe34a804e245819465c9505ea59, type: 3}
  m_Name: 
  m_EditorClassIdentifier: 
  m_ExcludedPropertiesInInspector:
  - m_Script
  m_LockStageInInspector: 
  m_StreamingVersion: 20170927
  m_Priority: 10
  m_StandbyUpdate: 2
  m_LookAt: {fileID: 0}
  m_Follow: {fileID: 0}
  m_CommonLens: 1
  m_Lens:
    FieldOfView: 40
    OrthographicSize: 10
    NearClipPlane: 0.1
    FarClipPlane: 5000
    Dutch: 0
    LensShift: {x: 0, y: 0}
  m_Transitions:
    m_BlendHint: 0
    m_InheritPosition: 0
    m_OnCameraLive:
      m_PersistentCalls:
        m_Calls: []
      m_TypeName: Cinemachine.CinemachineBrain+VcamActivatedEvent, Cinemachine, Version=0.0.0.0,
        Culture=neutral, PublicKeyToken=null
  m_LegacyBlendHint: 0
  m_YAxis:
    Value: 0.5
    m_MaxSpeed: 2
    m_AccelTime: 0.2
    m_DecelTime: 0.1
    m_InputAxisName: Mouse Y
    m_InputAxisValue: 0
    m_InvertInput: 0
    m_MinValue: 0
    m_MaxValue: 1
    m_Wrap: 0
    m_Recentering:
      m_enabled: 0
      m_WaitTime: 1
      m_RecenteringTime: 2
      m_LegacyHeadingDefinition: -1
      m_LegacyVelocityFilterStrength: -1
  m_YAxisRecentering:
    m_enabled: 0
    m_WaitTime: 1
    m_RecenteringTime: 2
    m_LegacyHeadingDefinition: -1
    m_LegacyVelocityFilterStrength: -1
  m_XAxis:
    Value: 0
    m_MaxSpeed: 300
    m_AccelTime: 0.1
    m_DecelTime: 0.1
    m_InputAxisName: Mouse X
    m_InputAxisValue: 0
    m_InvertInput: 1
    m_MinValue: -180
    m_MaxValue: 180
    m_Wrap: 1
    m_Recentering:
      m_enabled: 0
      m_WaitTime: 1
      m_RecenteringTime: 2
      m_LegacyHeadingDefinition: -1
      m_LegacyVelocityFilterStrength: -1
  m_Heading:
    m_Definition: 2
    m_VelocityFilterStrength: 4
    m_Bias: 0
  m_RecenterToTargetHeading:
    m_enabled: 0
    m_WaitTime: 1
    m_RecenteringTime: 2
    m_LegacyHeadingDefinition: -1
    m_LegacyVelocityFilterStrength: -1
  m_BindingMode: 4
  m_SplineCurvature: 0.2
  m_Orbits:
  - m_Height: 4.5
    m_Radius: 3
  - m_Height: 2.5
    m_Radius: 3
  - m_Height: 0.4
    m_Radius: 3
  m_LegacyHeadingBias: 3.4028235e+38
  m_Rigs:
  - {fileID: 9015405336112881271}
  - {fileID: 9015405335621164616}
  - {fileID: 9015405337188965075}
--- !u!114 &9015405336939897642
MonoBehaviour:
  m_ObjectHideFlags: 0
  m_CorrespondingSourceObject: {fileID: 0}
  m_PrefabInstance: {fileID: 0}
  m_PrefabAsset: {fileID: 0}
  m_GameObject: {fileID: 9015405336939897639}
  m_Enabled: 1
  m_EditorHideFlags: 0
  m_Script: {fileID: 11500000, guid: e501d18bb52cf8c40b1853ca4904654f, type: 3}
  m_Name: 
  m_EditorClassIdentifier: 
  m_CollideAgainst:
    serializedVersion: 2
    m_Bits: 1
  m_IgnoreTag: 
  m_TransparentLayers:
    serializedVersion: 2
    m_Bits: 0
  m_MinimumDistanceFromTarget: 0.1
  m_AvoidObstacles: 1
  m_DistanceLimit: 0
  m_MinimumOcclusionTime: 0
  m_CameraRadius: 0.1
  m_Strategy: 1
  m_MaximumEffort: 4
  m_SmoothingTime: 0
  m_Damping: 0
  m_DampingWhenOccluded: 0
  m_OptimalTargetDistance: 0
--- !u!1 &9015405336943438946
GameObject:
  m_ObjectHideFlags: 0
  m_CorrespondingSourceObject: {fileID: 0}
  m_PrefabInstance: {fileID: 0}
  m_PrefabAsset: {fileID: 0}
  serializedVersion: 6
  m_Component:
  - component: {fileID: 9015405336943438947}
  - component: {fileID: 9015405336943438950}
  - component: {fileID: 9015405336943438945}
  - component: {fileID: 9015405336943438944}
  m_Layer: 0
  m_Name: cm
  m_TagString: Untagged
  m_Icon: {fileID: 0}
  m_NavMeshLayer: 0
  m_StaticEditorFlags: 0
  m_IsActive: 1
--- !u!4 &9015405336943438947
Transform:
  m_ObjectHideFlags: 0
  m_CorrespondingSourceObject: {fileID: 0}
  m_PrefabInstance: {fileID: 0}
  m_PrefabAsset: {fileID: 0}
  m_GameObject: {fileID: 9015405336943438946}
  m_LocalRotation: {x: -0, y: -0, z: -0, w: 1}
  m_LocalPosition: {x: 0, y: 0, z: 0}
  m_LocalScale: {x: 1, y: 1, z: 1}
  m_Children: []
  m_Father: {fileID: 9015405336112881268}
  m_RootOrder: 0
  m_LocalEulerAnglesHint: {x: 0, y: 0, z: 0}
--- !u!114 &9015405336943438950
MonoBehaviour:
  m_ObjectHideFlags: 0
  m_CorrespondingSourceObject: {fileID: 0}
  m_PrefabInstance: {fileID: 0}
  m_PrefabAsset: {fileID: 0}
  m_GameObject: {fileID: 9015405336943438946}
  m_Enabled: 1
  m_EditorHideFlags: 0
  m_Script: {fileID: 11500000, guid: ac0b09e7857660247b1477e93731de29, type: 3}
  m_Name: 
  m_EditorClassIdentifier: 
--- !u!114 &9015405336943438945
MonoBehaviour:
  m_ObjectHideFlags: 0
  m_CorrespondingSourceObject: {fileID: 0}
  m_PrefabInstance: {fileID: 0}
  m_PrefabAsset: {fileID: 0}
  m_GameObject: {fileID: 9015405336943438946}
  m_Enabled: 1
  m_EditorHideFlags: 0
  m_Script: {fileID: 11500000, guid: 9384ab8608cdc3d479fe89cd51eed48f, type: 3}
  m_Name: 
  m_EditorClassIdentifier: 
  m_BindingMode: 4
  m_FollowOffset: {x: 0, y: 2.5, z: -3}
  m_XDamping: 1
  m_YDamping: 1
  m_ZDamping: 1
  m_AngularDampingMode: 0
  m_PitchDamping: 0
  m_YawDamping: 0
  m_RollDamping: 0
  m_AngularDamping: 0
  m_Heading:
    m_Definition: 2
    m_VelocityFilterStrength: 4
    m_Bias: 0
  m_RecenterToTargetHeading:
    m_enabled: 0
    m_WaitTime: 1
    m_RecenteringTime: 2
    m_LegacyHeadingDefinition: -1
    m_LegacyVelocityFilterStrength: -1
  m_XAxis:
    Value: 0
    m_MaxSpeed: 300
    m_AccelTime: 0.1
    m_DecelTime: 0.1
    m_InputAxisName: Mouse X
    m_InputAxisValue: 0
    m_InvertInput: 1
    m_MinValue: -180
    m_MaxValue: 180
    m_Wrap: 1
    m_Recentering:
      m_enabled: 0
      m_WaitTime: 1
      m_RecenteringTime: 2
      m_LegacyHeadingDefinition: -1
      m_LegacyVelocityFilterStrength: -1
  m_LegacyRadius: 3.4028235e+38
  m_LegacyHeightOffset: 3.4028235e+38
  m_LegacyHeadingBias: 3.4028235e+38
  m_HeadingIsSlave: 1
--- !u!114 &9015405336943438944
MonoBehaviour:
  m_ObjectHideFlags: 0
  m_CorrespondingSourceObject: {fileID: 0}
  m_PrefabInstance: {fileID: 0}
  m_PrefabAsset: {fileID: 0}
  m_GameObject: {fileID: 9015405336943438946}
  m_Enabled: 1
  m_EditorHideFlags: 0
  m_Script: {fileID: 11500000, guid: f4044717213e31446939f7bd49c896ea, type: 3}
  m_Name: 
  m_EditorClassIdentifier: 
  m_TrackedObjectOffset: {x: 0, y: 0, z: 0}
  m_LookaheadTime: 0
  m_LookaheadSmoothing: 10
  m_LookaheadIgnoreY: 0
  m_HorizontalDamping: 0
  m_VerticalDamping: 0
  m_ScreenX: 0.25
  m_ScreenY: 0.5
  m_DeadZoneWidth: 1
  m_DeadZoneHeight: 0
  m_SoftZoneWidth: 1
  m_SoftZoneHeight: 1
  m_BiasX: 0
  m_BiasY: 0
  m_CenterOnActivate: 1
--- !u!1 &9015405337188965074
GameObject:
  m_ObjectHideFlags: 0
  m_CorrespondingSourceObject: {fileID: 0}
  m_PrefabInstance: {fileID: 0}
  m_PrefabAsset: {fileID: 0}
  serializedVersion: 6
  m_Component:
  - component: {fileID: 9015405337188965072}
  - component: {fileID: 9015405337188965075}
  m_Layer: 0
  m_Name: BottomRig
  m_TagString: Untagged
  m_Icon: {fileID: 0}
  m_NavMeshLayer: 0
  m_StaticEditorFlags: 0
  m_IsActive: 1
--- !u!4 &9015405337188965072
Transform:
  m_ObjectHideFlags: 0
  m_CorrespondingSourceObject: {fileID: 0}
  m_PrefabInstance: {fileID: 0}
  m_PrefabAsset: {fileID: 0}
  m_GameObject: {fileID: 9015405337188965074}
  m_LocalRotation: {x: 0.3037365, y: 0.116716415, z: -0.03752087, w: 0.9448353}
  m_LocalPosition: {x: 0, y: 0, z: 0}
  m_LocalScale: {x: 1, y: 1, z: 1}
  m_Children:
  - {fileID: 9015405335621146753}
  m_Father: {fileID: 9015405336939897637}
  m_RootOrder: 2
  m_LocalEulerAnglesHint: {x: 0, y: 0, z: 0}
--- !u!114 &9015405337188965075
MonoBehaviour:
  m_ObjectHideFlags: 0
  m_CorrespondingSourceObject: {fileID: 0}
  m_PrefabInstance: {fileID: 0}
  m_PrefabAsset: {fileID: 0}
  m_GameObject: {fileID: 9015405337188965074}
  m_Enabled: 1
  m_EditorHideFlags: 0
  m_Script: {fileID: 11500000, guid: 45e653bab7fb20e499bda25e1b646fea, type: 3}
  m_Name: 
  m_EditorClassIdentifier: 
  m_ExcludedPropertiesInInspector:
  - m_Script
  - Header
  - Extensions
  - m_Priority
  - m_Transitions
  - m_Follow
  - m_StandbyUpdate
  - m_Lens
  m_LockStageInInspector: 00000000
  m_StreamingVersion: 20170927
  m_Priority: 10
  m_StandbyUpdate: 2
  m_LookAt: {fileID: 0}
  m_Follow: {fileID: 0}
  m_Lens:
    FieldOfView: 40
    OrthographicSize: 10
    NearClipPlane: 0.1
    FarClipPlane: 5000
    Dutch: 0
    LensShift: {x: 0, y: 0}
  m_Transitions:
    m_BlendHint: 0
    m_InheritPosition: 0
    m_OnCameraLive:
      m_PersistentCalls:
        m_Calls: []
      m_TypeName: Cinemachine.CinemachineBrain+VcamActivatedEvent, Cinemachine, Version=0.0.0.0,
        Culture=neutral, PublicKeyToken=null
  m_LegacyBlendHint: 0
  m_ComponentOwner: {fileID: 9015405335621146753}
